<?xml version="1.0" encoding="UTF-8"?><collection xmlns="http://www.loc.gov/MARC21/slim"><record><leader>00433nam--2200133-i-4500</leader><controlfield tag="001">000001635</controlfield><controlfield tag="002">20161230</controlfield><controlfield tag="005">20161230201024</controlfield><controlfield tag="008">060222s1000------------r-----000-0-eng-d</controlfield><datafield ind1=" " ind2=" " tag="080"><subfield code="a">001.89</subfield></datafield><datafield ind1=" " ind2=" " tag="245"><subfield code="a">Science and technology policies information exchange system(spines).feasibility study</subfield></datafield><datafield ind1=" " ind2=" " tag="260"><subfield code="a">Paris, Unesco, 1974-</subfield></datafield><datafield ind1=" " ind2=" " tag="490"><subfield code="a">Etudes Et Documents De Politique Scientifique. Science Policy Studies And Documents</subfield></datafield><datafield ind1=" " ind2=" " tag="852"><subfield code="a">21290</subfield></datafield></record></collection>